01194077DD35189B58F64DFE89B2F853E25:1
0120B544E7349C665FE90AA1BB51284629B:1
01225A6D231047B5E9834AE44026C87D7C4:58
017938760B86446C3689F845CC4F3C5CB50:1
0208A463CD86770A3AEF962ECF6B6EBA649:1
024CEF66AA44A062E22D5BBEDBAF0BC4B0A:2
029A56A08C59ADE3598551B56BBAE7CEF1D:5
02A8B0C87C079CDD27B8B9A02F5C896B1DC:1
02B9BBBC1DC753EBE35FBC6002B6DD6526D:3
0396AEAF3599710B487D78ED87D18B64C8F:2
039B71CC1E2812A0E534FDA47DBAD64C339:2
04BDC278FC648F7D5B825C530966B463D3C:19
0506D8B9A9165C176C9330A15BD0003F8FC:1
052966E8E74C0F6887D770250FE1589A37C:2
054D8138579B633DC11103A565342662F8C:1
0605233F05D6859BE6E1145D14EE8450C83:3
06220BACC23E4002D34431EE9B4891D7A33:4
06D813BA0B75EACB4710E03755F75C2F714:24
079A95EDF6EBFBAC61488AB8D0F40E50E52:3
07ADF148E1A5B8BE1F06C94C5357A9359CD:3
07BB5674865E7C2B1C190FC5581E9760618:26
083D1ECFD5E8DDC4EDD37DEB833A0E7DF09:2
085613CC22C35F94158DB09DA6898CBD1DB:2
091CD870A5A9D50150F3E205CA7899634FA:4
094DFC027CCE0F9AB31E618A0C663A72E7D:1
0969688A31A6D4013CA33E1CDB01EA81F85:4
0A334EBD5717575345D1BD83C9B09CAEADA:1
0A400DFF3B76FD90B9244E8A675786C2845:1
0A4F1C0F39E4E56AD39D9AAB13BD50B4723:1
0A534994C6CC15A576A1E1900BB96767B7E:1
0A5FD2F9DB823AAD79D216C9AA83BD3493E:8
0AC7B96EE98FECF1474EE786CF599772897:2
0AEF6CDDB7106CF24D8A3B34966477E8BC9:1
0B1214EA37C68FBE718C762A03DD20DE4A9:2
0B1C691011841E21CC48F8C14F84E668E03:10
0B956CADE50E2CE7C4C6902412098DF1151:2
0BB1319F38B79AE16CD7BBEA04D5AEE8442:1
0C2CE7EE8411B4E283717320BDB988EF940:10
0C5A1257617DFA22070FF9A78B43D553C25:1
0C5C5DCAE33AABF07E4ED2825ADE8FB5B81:2
0CDCBC354151603A76BDEAE557FCA23013F:1
0E2125E76F20E3481B08DE64D8445F8EB95:1
0F882D4589F4EFAE80B07A8A60CCE7B7E21:3
12007300C829AAF4F5716A773BE46CDC301:34
12332BC0B32D7F3797A7B31B4DB54DF4114:1
125687703E6C9F4755FF00AD2F143E6F300:1
125CC1409FF95410D401BFD0454C74523B2:20
131FAE4F7AA29FE7CBA6BDBB66EFB855487:2
1372F6CC00DAAC59EDD4CA1A3DC88185AB3:1
141346E5BAD5520DE4EBE4FC7EF80C6F7AE:1
14BAABF7D0259B710B529A11A3156639DB1:12
161FDE0349E1B042ABBB008131BA93BB500:2
16730B6938344678CDBDD12959E2C109917:1
16888CCA9588D07CC9B132A733EA619BDFE:1
16AAFE253B22680965A570629E6A8A9D3A6:1
1706C28902DF99C48541DA6D487EBF038B3:1
1745B34D66028FB0698E908B78C8E9402A4:2
17C196DF4636E460B076E5A49FECB291A6F:2
1816EE9A95E9052B206FAFFB6EB2A718211:2
18FF801313470AC2551311269CC6F1AF20A:3
19AEE7509DF5528CDFF753686BFB26B0F27:3
19CBDCDB4FD8D415740F65043DF2625D20D:3
1A23DBACE329185769C0BFDAF9E4EA81D0E:25
1A2D5D8A17E4D13D6F7E5A030192AD5E27B:1
1BCC4863110812C7151C2DD7E933792CA2D:2
1BDFE0F533FACA76AC0DA8F8A929A52D883:2
1C58E0F31D6E4A7C753F896191DFF4F4DC0:3
1C6A180ED90FDE195D4709D030880B9A324:5
1D1FEA3F29D84A34F6D7AFC17005A2C51E8:2
1D4DA16F7A3E8A69FEF9877F968B6E17723:32
1DA1862CCDA29697D876FA8BAD1D3E6BCFA:1
1DD7919E21793AFB487A34B8C3D286E71AB:3
1E441B2A6A0A197260A07CCBCEB5FAFD687:3
1EC2109B985C1958E5217C233B66ACB3EA7:2
1F15FFF07BB2DB4090AD79BBA3AD4833CEC:1
1F893B5AA084A32B290E45B8929565013AD:2
20E87FE03B64072AE0B5132C5A786720F60:4
20ED939D2711AE587E2140C5782E69089D8:1
211435C4259C866322BB4D454EABDBF02D3:1
214997081EA5E815AAEA7276898D0CF4AD0:2
214F2489990E3E8009021CCF37B106C6EE1:4
221DF5BED0A42845019733F3D69D1E4FDBC:1
22389D917949D4854E9316108AF791B72A3:1
234DA77809657DE3825BB7BBEDBA916B56B:41
24D6E06649EF3E6212B09FB6430C07D4EF2:2
251636902CB9978260FFC298329EB70C570:8
2528256FBA52DE9EC36A47EED23E8EE5253:28
254F91E841B09248097B44EC675BBE55252:1
25510DD20D9DEF880DE2DEAC7B15A891DBA:3
259299CDDE174730D7D98DD993295681E04:2
25D696701A3023D9ABA5730D74E4F611351:3
270A1AC59018D1916CF7E6677FFF66E7BCF:1
27534844AFE1BB2AFE22BF821FFAB0CE2A9:7
27EE6F5D8D15E2B24B4FDD4FF8D457F650E:3
280ACA106D48A0CC625EA38C226AC1A288F:1
284A2EC2C9C5D4A83A5F433872C49D2522B:1
28E315482FF5DBC7026945972166420F1FB:5
28E5F51EB6208F122D37E39670405727B5A:2
29D11413E3684A5387CB7C21C24CFD78C41:5
2A54029DCF475CDFC6207144DA641916BCB:2
2A5BF401C924EBF1AE818A1B5D6819F5987:1
2A790C1398365F5240AF1ED53C2FABA8E83:1
2AF6A2BF9156CFC9F1A62C7D46A1EE79352:2
2B22BC402A1BDA97D6E10C18E1B0945B6F8:1
2B6210D3739D92D80B59884EE05575AB006:5
2B688291AA0C712268800AF3815E4DF5AA3:6
2BA9F787813F3F65FD1F99A6D194CF94C99:1
2BF9C87E0542350A0E43D8007767D90006D:2
2C4B161E849961A97ECD8F6407CB3D2F5A7:1
2CD470FE91CAE942078D17A71934C1F18A4:2
2D3FE6CB1E1868D9E64D45C612E6F3987D0:1
2D4DC647CDDD0EE6DB672C26AE63E73E7BC:2
2D87171B67217B4FE0367BE3C008441E057:2
2DF1DF212E93513877744FD30A91F18F8F9:1
2E6140AE981FF51CB83002A5735BA776B06:1
2E64C2E2B7FC37AAB3C64B3B19B17599C66:1
2E91E98163A790B7D0B990785A8CA1DCAD2:2
2EDA4E1C1DC71BB990E6305C3F14B87EAEA:1
2F051880DA54794968417594A7FB035FBFA:3
2F248897CC1ABA98716B914881A18B59249:5
2F905A1C80CEC0C8B5DBBFD3783013FB033:3
2FB71B4389B4C9594E29AA64C52145980D3:3
2FDD1414AEF3670C904B5154CFF616C6363:1
302014F9BAC79BCC3DFA3B84D1F2E66E089:3
3087391A01085E0828DD4817AA5A074195C:3
30A7DFA8E6BFCA3002E1FFFAB52D08D3C09:1
30DE91339857423928DDF9940E2F13F6D64:3
314857980F852099F710E58B1DBEE9D1E48:6
315AA71109F7981AE557B4A2A0EFF1E862F:3
31FA4DCCD0B09AEC70EB11DE6E82C3EC19A:1
32563AF4972658517789E744529B1708FC9:1
325CE9111A41B1EE53124FE3A568D8A12B7:2
32C8FE2E0B3E6E1B7703C73CAAB9B401CAB:4
332DD9EC33A2E87765120C08EDF9F2A7BCB:3
335873999A78C65E4DFFC6DC864046DB17C:1
33944636EFAF8B6B851E5D131D44A94E6E0:3
33CA7134681987B7F79A442ECF14BCDE643:1
33DB139F70C606F6E61319AFCFBA0EE7276:2
340762B674475432F0855B95936F45BAB75:1
342A622336DEB8C093188924473D61E7A8B:16
35099ED258A18915B1BF97C3FC6865F258C:5
350C63A98E013B029FEA3C1C7300F36EB77:52
356A3E6A3AE0D8B911DF83C07B9295AF719:3
363A9C56814B7C225B5B9286619463656E5:9
38B691FF29AE11A3530320F2E5A71F93E46:1
38F2F188D4E19EAC7204FF8FF92ECDBBFCE:1
39060664052189F1F16B614A362111F15F0:2
396D42F3729AD0A4B28D03029421812FD25:1
3A1493257C37CACE22D4636C5290F3FDE76:2
3B1667C28621CD252A06F50C9D677B4CC7B:1
3B724C4C3711288FE8002D5F7F9B266708B:1
3BD64DBCBE75EE3AA8AADB8D6F66966D0FD:1
3BF522764757F6F8EF170BC3F552848E024:3
3D1AE33AF563E247A001D68A26EC28512C5:2
3DFE8551FCFBEF262D2273C146B82854026:2
3E79F949F5AFD3DBBBC4C1A289F9F061223:1
3E86504C4CF7F2FB9B6D515B3AEFB7F3EFB:3
3F6E509F154BB5B5DF79759AE017D339D1B:1
3F8B3EC78FF2656C51773238171D06DAF39:1
3FAAB481627285FBD7753437C742CA706AB:1
3FAB397BFAC4D00A27BDA72B77E089110DA:1
3FDDFA6215B43F9E90B5283B1BBBE6951D9:3
4030CD27BDAB4C98176A23E29A92E34A79C:1
40B6FF12827CDB840908CC888FE44E5642C:1
40E58FAFBB41E8C5313CE423B34F56C1403:2
4111EAA77854CAAC687FB44ACC2B87350DA:1
4151FEF5DAE9540CF93F82E6135977A4920:4
42861F1DD304AA40AF9DAA86BBBE980B247:1
42AC8A7AC93F11163CEBCEBE39DC83C8545:1
42CF41A7873A8C15858FB7A3EB1BA918EC3:6
43CCBB017A38DEA2DADE77D7CDE1B7AF1EC:15
44AFA86AE7197F1068A3CCC99522EEAD3EC:1
44E28516EB34C1159A9815D125DD66D4405:1
45163AD365D301509440D4A3F44DA9D4640:1
45694142FBCC65297854583D46024E8533F:1
467EA8097DA7CB087D02946CA9892EF3A8A:7
4692CEA7DE18A88821FCDD81977EBE181CA:2
46997BD10A51294EA555F05E5E312FC6BE0:3
46B10E5C3C3F624A502E8EC8EBDA4118A86:2
4788ECEA71EAB26FA447B0AEDF63CDBAAF6:7
4818AD03778165024D55FF7C288344EC7E0:1
4981F885FF647209518302A9D20E8A6BF5E:2
49B8477B90BDB979D688FCEF63C7FC99DDA:1
4AA1EC7577E27D6BEB532E1492AB8CACD9B:6
4B37C87B929C0389E73FC53ED0769315856:2
4C4ECD649B3022D19643617E7CDBC33116E:10
4C6105EECA5C8A90524B4A3D1439200C2B2:2
4D3138E44F29916A6A8F2449710896604DC:2
4E721AD1AE3DF2FC491EBBFC56A9F7F1343:3
4EF7B4D93D8D827B9B8026EE48D9FBA43F4:2
4FCBD0E50BDCA5B2918606CFBCBC6C6BDB5:1
501750AB0491E437423C93421D79E71DE0D:1
5025BC5BB58DECFCBDF0370C2C5AA59ACB1:2
50BC9B90150ADE9BFF08172E91EB8122408:3
5112D8D2297EBB0BED0E2C49B610FBC6821:4
51835769FB6830A79556C6299671E1549C2:3
521B2A34D0B092AE3E172E8CD2A35B75DB3:2
538AADF9A8B292F4D24253F74087DF60A07:3
540E7CAAD7FE40E2EC16D899386CF9A7047:5
545E6CFDFE7FF295792738766233DC8F132:2
54777F9B92AA10C6DA71C0C9F460A6040A8:1
555E024BEF450B76821638C702A275164B3:1
55988C4E3CFCC4A21454428412A18389F2F:4
5603BD47F371EFADE3E61DABCCCF3D77B2D:1
569BDCC914719EFB0FB0A40C4ACC1DA276A:1
577DE99952EAB1DE50AA611AD816C78B6AF:2
57E5321B87D8D38430A954176520BA1D592:4
57EF9A2E5AC66EA5651D1BB8823D27E48FE:2
5844AEAD0894ECC33F56B15EC231A75B7F3:2
5878EB18E7EA49A7D0308E07B43E0E206C6:3
58E4FF7E5FD628308FE2FED467DC1AA9B0A:1
591208857408683B67B992E36DEF97F8212:2
5939D4AE5311EF33BE73944F8117DEBF8CE:1
599AEBFEE09727055CDF8D295FF45DF9815:2
59C132B25E02B68EF8EBB4CD1278B7E3B9C:1
5A21674B88C7129624DFCFDC2C37867F17D:3
5AD8B3402E70131A7708661B5C354C00345:2
5AE915B4A974A06FCC65B320E55C058BCCD:5
5B0F85ECB6AFBCB1952F46D7231BFA600AE:3
5B19C15E0F9A7B0EF2643F749AE04ABB3C0:2
5B4C8AD7AE5D23F286DF69902A2F0099F45:4
5B6F5E37723131A5981ED68D4667A3AB92D:1
5BC91B2F25677712A96C696208F159CBFDB:1
5BE260BFCF4EB41CDC1EFB46E96CE4DA4EE:2
5BE8460A61BB9E17C2D3E176B47EFFF6041:1
5C1092431B22C3F8FD3314BF1D8E69FF0FA:1
5C1D6ACAA0CB1AB574492B41C5A414DC93A:2
5C3275F378176A8D7A474869352AE81D4A8:2
5C71CCEED438A5380077EB4DC5554DBCB4A:1
5DA7C5CD829E750670C3F87ABB87E63BF1B:6
5E56262ED3831F067032FE6B610E1CB080A:1
5E782C36CE5AC714C7B3256A1D0A3A5E3E6:3
5E823425E8324509B36921C4712313684C2:3
5E8FB6EB035611CD136841AF9DD9B391745:2
5EAFEB11F8DC7BF2C2E4B205245EEDA27D7:1
5EC915A0E44A5DF2D93223351B4BE2FB109:15
5F108F72C0B8A4EBDA21BECF81FC7C64FE6:1
5F2B6F97A90DB914796202EB6031DC0D035:1
5F2D682F4A51A43693978D4B907692C18B9:1
5F8F9DBF1FC33EBC44D9765F18268345C55:2
5FAC3D14401A9A801C274D4743D51BDF60A:5
6038400CBDFED432A24EAD57E209F4533DF:3
605BE2841CD67478865ED2B381119743917:1
60874FDBBA9014BFE29CA831CA8C631AE48:1
619B67D9468681303FD183DCAB521600B92:1
61BBC98408760767723CE38BF7F69DE1881:3
62567C840E7101515C66476CCED47B92D33:1
62F3C6EBA9DB7AA4486347C0B8E92AC285D:2
63FE38DDA8CA3A5659FB558A7407E3A93E2:4
6425147803B40E6C15C640237D0ECFC28AB:2
64328721F7046EB9DDF83062DFB3956B2BB:1
647CD224C6295454EA3B38B4F62E733FF1A:1
64A1DF88333AB24EFAA1987217A3E9DBFCB:1
64BE64CADCEB7EC61B2CFFD4ABBEFFDC7F8:1
667961AB8304F5B6CA4DC7F1C8745284231:1
670B1F8557DC293E95D3191A4A1DC04692A:3
68036A64FCE724085D8832E6C4F2803FE08:3
681C46377F3089A6F1606766197C7FBD933:1
6834CBA1A9009E39A34EB778F9DF71028B5:6
68CC9D07ABB040FDB41EB27C4C1C1A6905B:3
68F99184C36FE995F6C0C490B12C13D148B:1
6A3E96C9536E64262B0A47B262FB0CF0172:2
6A9D6EC626F1F95CF433FCBCFD11DBAB0A2:2
6AB05C20B968F128866C07D683A8A748210:1
6B93C71245175628215E27F7079F977770A:2
6BC35DFBF25B3BC913AF146A74FC98668DD:1
6C1FF0EE21B3D01748D1C15EBE4C66EB4B4:3
6D88A13719D79A5936FDA480BBEC8A92572:2
6DC65B0FB38D212A3C7ED4356F8DD0D2907:7
6DC6882176103AE550D101A4F438E6025C8:3
6E7F70EE18902A774F673303EE107562C2B:2
70531DE2C716AC2D6B343AA9E163F7CD16F:2
70D6007B2D4679D37FD5076288732F1221A:4
7120D6D37471835F2004FA81B01D2ECFC90:1
715169191489EC1A6977E7C0002D47D0300:10
7238A2B8DC320F58723238AB87F829B1545:2
72B174B9C72B266B9BD84BE13317CA6D65B:1
72C4CB00D60C856830A150CDAB59BB05AAA:3
72ECF833E7542DD0079EFC8295CE40C65B0:3
735729AA9B74110FAF9DDF859BB40EB74DD:2
73DFEDFAD59D1A2DDB208DF7972F2A08DB2:1
73ECBDD00AC976DE2BB92820E44F1BA2769:10
75236330B6D13F317A3585175E0274CC858:1
754037C11E762C1DEE7116F6F24001AE8CF:2
765EC30EBED8E91E8F440F7C0454A7F7C95:2
7699B12701FE00CBF1A3B12BE106C4704D2:2
7803C5ACC6D3CF4215D058700993FEE8994:3
7942120E5B8FB645E64FCD467D0F4191632:1
7947E63219445F4ECCE28EE0CD7248B1C35:4
7A6639FEA55057FF77A7967AA419CD946E8:1
7D31EE9E71D33775B54E6C7B09503AA5DCA:1
7D35E7D56F2B0CCC0B24C2FC91C7CD4BE8C:57
7E50088D3F23E638EFC39C02B560442B06D:2
7EA7920987745D709FD2E9FD831C0C87408:1
7EB4761ED12E100636C8CCE916AFF58F3B2:7
7F642C74FDECD873EF510D5155094863DF2:2
7FB0182D0DC5C36D09E00DBD9C67BF71480:2
80DBBCDAF6B049F89FA4C460AA4408C0E40:1
816C26A87C4A6DA0700F73A76EE1B01C3DA:50
8226B4F6C02CFB7FD4A275507A278911117:1
826AA81B3513FB2CCA3C804083FACA07C97:1
82D97DF3D5F545A45AF88D0AD1436F6FFB4:2
83447C634B6F765544854E49C35D0FEDBFE:1
8353AB2C512E0D21EBB6B3D175F82ED6570:1
836BCCF20B3132FF7CBC6D06E46351FB59E:1
84104629998D4FEB7EAB79943AF2F460464:2
84A454D79A1A3723E6468EC9FE9B44721D2:2
84D0B0ED193651BDCA31BF906BC25007F60:1
852D028037CC628A385BFAB9110DF077034:5
8576B93CDA02115A872F6150099787AB9CA:2
8582DAE9FC3B49F7AD8985614064B6C2BE4:1
85D37C1EC30595541B015A1EC1D3ABCAED1:3
8718B5BD5F417E60E4CD5EA7649A9BA0FED:4
8740A92FECF632CD29650FD9C3F245EFA81:2
87B28F7E3AB09D704C2DCF7281D139A27A5:2
87B70FB36531E4CB649295E8F0CAAB4A79B:1
87BCE045DDA3E2737890C559E895EEE4A09:1
880D3D5EB8F9DA38441A97C338A0EC80EC1:2
881511E96C41BA517058767BF39EEDB9F20:3
884703CD980C7B09FBF72E1608D0A3E874E:3
88760616BB95892260A98A84C0A033B3D9E:1
8A4405CAED89B36AA93333F7E0D58A895A4:1
8A791E726A0DCC7F5BB2798C5867F3E3C97:2
8B3B17649BAE05B74DBF369DE2F32AE8341:2
8C5022010F35F4F4660584EDB2FB67DEF35:7
8CABC09A7E432A7D40147222CE06AA16114:1
8CB5D0A9D7F60FBB57783B0595D8BFD4CFB:6
8CF37F369EE42A2D6ABD4E616741847C9BA:2
8D31C530BD9E6D28E21697CCFBF8F3CAB75:2
8D61D0F95F8F16B60DBB35D6AF61F40EA8A:2
8D7AE8614580FD30612D6BA24207990A4BC:1
8E0BC4CF32DB907708D59C87AB39BEC48CB:1
8E16C3803362A942A4B73DA4F8C515BBA78:2
8E35499E46BC449D75EB8A8CE53EEBAF652:5
8E46B58B973A2E518E3F85F69E18EBBD3C1:2
8F390C8D2F21FA0812C22CA7C35B103F6D2:1
8F711F4CE926E2716C046B30E6632D6B26D:2
9042B7E1B6D6C6AE0A1741590E513F931B4:5
906FBEEABB10F1A224ECCE5D1E40F5D66D2:1
908300D07BDB80EFD6E38200EC862C0FE7D:1
9124CC9C546A4BE7C5A9235E4D48B49FDBD:1
912D6D3BF2125B4A28CCFCEE9A9ADAD99EE:1
91D0176CAF568BC7CAE5387A5C0BF4F26F9:4
92173DC9AB3DCAC369EA1B973855E6D2282:1
92657143AFB2D828CB8FA7EAC2C8BDB5917:1
92B121EFDB17C99E7B17600D132F541585D:3
92B79C07142866D0E010DA3F31AD72D7487:6
938F2ACA78A66A38BF7B652A71A558B9995:1
93ABC1603D3004469402E7D55687F1D729B:6
93CBF0F21C712D6F8A5E282A1C653E6B18D:1
93D1364E9006AC07CAB4012AAF555DEF56E:2
940E24623776C7AF4F853ED7553EF446872:2
94431F8A78E995425E70C94A83CBF75A6C8:1
94D1EF1A9FE5742FE358DCC70E82C51A9AF:1
951703253502899A15DA2EEFB3376E41135:3
955A9A9CC0630DB04D8F0AB29DC88CB5CA8:1
962015A648F8ED6824AC43C708D81EE5A60:1
9662F1ACD9C2AF45361F34621BAAC50B464:33
96CB452788D6ADEF135E300D5B11C7F7F08:5
96E46E664138F424D735D23A5CEECE158BF:1
96EE7B6A1299441D8938E2D24D487BC3422:1
96FDC09B3255B80B1B33D445193DB476789:4
971FF18CB6360DFFD90926FB3B37D18FEBD:2
97749B04C55D40A3D23EE071EFFA26EB687:3
97C8706FB5EC17DC83986B529A445EEEE32:1
98914A9F124EC98FA14872C5EE091EF9E8B:1
98E9C55BC958A68AFBC6D04DDCD4EAE5129:6
99CEC486697B852D08E52CBD65536F8D7BB:1
9A3CC58E7394992BA1853E1BA64EA5EF840:1
9A6886DD40900E8F705AB38F8E6BE403101:2
9ABF4FF137CF80076AC9FC0BBD046ED28C7:2
9AE79F3D5EEC6F778DAA8458F9E0A81842D:1
9B1D1172358584F4FBC68B2D88A074A21DE:1
9B28F6992BB4793B3D6CED91DD758D4A65C:5
9B716BA0B589B6C7B98528E0F5CFB04BC56:2
9B9EC17756510002EB2BBB6E41F328583DE:1
9C21AC9B5A8E0464944D3CE95D949590046:2
9CC870824B727F3B41B3471B9D76D849844:2
9D4CB3945A8D8CADEA56AE2208D420DB49D:2
9D558DCF6049A4BCF68966A7160D65C52DA:1
9D8CF1F207386A9712B01EA5575E5051640:3
9E6C6BF2ED7233D0B92AD574F89E81CEABA:3
A027603B4A93257B2399EE709E27A4F981B:2
A204657D2F03A7B10C8664EF5DA2ECE4FA5:1
A21D7ADC0AB620389A40CE7B4BA9FCCC5FA:1
A24EDC9D75B429E0A171488C8042FD884AA:1
A2A874DA5A01559D7A759B51AC33C445108:1
A3A16EB8001F146AB0F1A93494644183B43:4
A45EC92F20E6A4DA1DD93B1AB2B256A3FFF:1
A593DC81A88DF305EE19677D9B3FECE497F:1
A5F960D2162F535537A4A0C593FE6842A04:1
A72872CA0984C56651799D95356313E8C26:1
A8517FFBCCCAE3A7B58496F1C6DF6265742:2
A91DD949B257A8305970FDDF5F96E4468C7:5
AA0DED2B29C07784A73FBF919469E208197:2
AA6A7C975FBBC0BCDFE63D9457E6AAE1C13:2
AB37FA1DB6C45E4DEF403E3D2945D64DBB1:4
AB47542C21E45BF518E52049A4B308DF67B:3
AB79552F7ED9AE86A412321BA60C5C25CAE:2
AB88DF3536EE903AB02FE685BD9528618B4:2
ABA4FED8A01E4852EFDF2DD9D22BBF00486:4
AC0A31DCE443AFD403C6051D7AA66367833:2
AC9679BFC46E94D516A0D1A3639E98FC446:7
ACB8319C3FA8306AE652CB74EA9B020240D:1
ACCACF9801194F25B15C6661E1C6CCA925D:4
AE072D81D9BF6F172F9F0E03C9C343B3B38:1
AECF08B907799CA76817B3DDE308144B77F:1
AEDCDD56EB4EC079F2E95BA082C8E8A0BA1:1
AEFDF60D31F0B9E40660F49BB341D2CC69E:9
AF3ABA30619593D9966793B258F249BA6D4:2
AF46AF652C8709D65475A69C6881ECB33AD:1
B0332804C5D475694C9A22952F22C47B4C0:2
B04A00BF82B98AB9E13A4CE6AA9DD220F0D:1
B09918EC4FEF7313F98DF270C0BBA647091:2
B1AC6E9ACB073D2E3CFE4E89A339CFCCAB2:1
B1B1619E636BE3CD3EDE257A758D4E0877C:4
B1CB57DE6DA1F57E9CA3E79453AB8F2BC10:1
B2B0CCD3F94E8977D0DA3FCAC368EC47B53:2
B2F47AC4B5AE14588DC0046D90178E9B45B:2
B3313CCA77DACAA0FE95161E83EACAC609B:1
B33324D3600068082B11B7B49AE63D3E16C:2
B335C3BD41B6043E5F29E4BC177F6A3A181:2
B4E25999A4556F8F88725D6781C44E3A4D2:1
B5CFE42B00AC113126B061E90A9ABAC2CFB:1
B603AEAFDEF32FF2C3FFC7B056ABB5AFFC5:2
B6E7EC7FA7C8890D7D83442A1211CEC5D2F:1
B6EC3F938B3967459E31EF6F4A183B2B80F:7
B7015572542D7E2221479AC407157198956:1
B7117CB3CD18B7F792ED5EDF6E25AFBBC96:1
B81DAA4E46AA7B7AB48D80E941905071EF3:1
B8A5C6CDAA299148D4CBB802FE293ACCA8F:9
B95D12F77F1D72AA63AB35535CC7785FB6D:1
BA0D6905E5008739EBD8207B9C22BA85D1F:4
BA21AC39B48DA165BCF96EA22D4BC4D88C8:4
BA5A61586709E267D9E3BFE02535FD845D4:2
BA5FAE6F468558D5F86015255844F76B18E:1
BB08AB47614B673D4C409791A11711EBC38:6
BB22369BC808634F031012C78956475C48A:8
BB34D0A4052216629389E4E453F19A3DBA1:1
BC2929F85A65C2A49D8D1BDADA595A85658:2
BC47C53FDAF4A23D420EF757FF90065376B:1
BD0C0046807A66DC353CD4D1B094DA71AA1:3
BD7B2B7D8BF7A9659C501B14784DAE4C47A:4
BE2F3C1CAEE60EDC3806C7CB42501A48519:1
BE55E16A45B2A462B519F07BA52688D25F0:5
BEAD8E197239359DB45FD760083E1C08636:1
BF261D54BCC171C80B8954E52112F78550B:1
BF513F0627560D549E0DD90DFE3ACE82F68:1
BF920DBE88C22278391AD3DCBDD97CF3203:3
C0167DEC8C82314028FABB7677505F60328:2
C03EE4EC8848F8DB06D1D6D5904DB261636:1
C05BCC121540E26EE263644E6AC02F43F67:3
C094927D675E13BA66B645A98F4333FAB27:2
C0FAB92ABD1E2651C6510E250047C58F5EC:2
C1C1F982FCF1CE4B893861DDC8AF457A216:1
C1E7C158451FBB9E022B86C02B0563214D3:1
C1FB9BFF158AE3385899F297AFA7989708A:2
C2343CF957431A1ACF5F56D5FBB43B01AA6:1
C2406683AE1A256AEFA9DA8356988C61BFD:2
C2AAF00B99573B267476D63A3E5FD0A79F6:2
C33C422B982107EFCC47DF8A82EE60763E9:1
C460C88E4771CD3CE995260817D298C95E3:3
C4F8D65BC6D10CB6BD753E8EA63422907A6:2
C61FEFA1A257F7F03D9CA7B78197CACEED9:1
C6722323584FC6365298104139CB2C279D9:1
C67543BFB9C98B100033C26B051F4F2BCF0:1
C6830BE74B5670A8BB9410E2D4EFFF6F070:1
C7112C4D333861953228D2F253DD1B043FE:1
C71E456FCC458705E3F17F7C21FE5A23B40:2
C867A04E84081E3A86FBE27D50A30F5ABA5:2
C8D4114D8D9A8D775EB4502328BC3F67FE8:1
C8E41DB9B0ABB05DD1E17618947B5EBFC76:3
C94FA8F5CC43ACA02909E06F260C8E20C06:1
C9A20912AF5DEA4085D42E1DDD7CC8BDD81:2
CB2AA127686A36C502C9E9D5A5A68F8FF0C:1
CB2E834620623FC4AAD892A91C6A7D9A116:2
CBA86A1FA0130902F964670EE8E8B97C3B2:2
CBB7D94E59557B9932B2229B0373674179B:1
CC75C47CB6F7C64F1927F9279DC5B81A79C:3
CD4EABFD31B04B4E9CB26FEBF8B8BA42D61:2
CE4ACFAD9B4C03FE1C9F147FBA4C3316137:3
CE7B518C123870575734810FFF402A27236:1
CEB3020296CAC8957042AFA09A951EDF5CA:1
CF76E7AB5949647FDE79CA89EB4B7201B3B:1
CFCCEEACF06F3234734407B1A3B1B7E5333:1
D05B8C96F51E8CA8B89412F025BECA66272:3
D09E1B2AAF1B451D4F939D0493CF9F0D7F9:9
D0EFA5C2A3D95B232607038BBC55A69FE95:2
D11612842BCE004D4EC3F97778A00A5D0CC:9
D11CED999997E05A8B4281163767F1EDD13:1
D1243FCBBEDC8840942228462760F065D61:2
D1B3F3F88AE0CB6E4ACAE3689F2E98E57D2:1
D22728ABE81A63835601BEC1AC545963AA2:7
D2353F1365425480E8546B1BCF15C97FBB6:4
D2F6F8901906D733DB883C45A8A9E0D9FB3:1
D2F8CDDF8F378A371FBC41FF1CA4800D35B:1
D328EB8199BAE1B4BF2E7F2173D4DAFA750:1
D3F027B8023641EE4D12F3C43A2BCA3B021:1
D4118A70EE21F53FE16D2685D2307824991:3
D55438452102F6E3BE0427F60C3103B813E:4
D55A0E43221FD3B319B628461CD6AC3B1FF:3
D57C01948052987DFD4680DEC33732F03AE:7
D6780439B445B7CC7B8BD550C96618EFC31:1
D6DD174EA2E10418288331F275CB6AE876E:1
D71A76A1E0BA54B0D191BBF3A356B1AC2F6:10
D7D5FE0EA69AA777257825737EF39EE65F4:2
D818AB96A5BDD287228390B505A4AB6FAA3:4
D86313245A8FB850E7723D2A8777E622419:2
D96AE839355B5089E037A16C9EF03596C4C:8
D970232314274785959B2340F8643E3B425:2
D979103035A7DD6BAE7F2AF71EB9CFB9692:2
D9BA34004F15F8316E1136FE78929C9B150:3
DA34B03626EA58BECD64E9EFCE5E92D9E21:1
DA4BF5A37CC3166FC57992BEFB64F6250B9:2
DAD95AB6C1FA63396C11D04E3EA886D626F:2
DB2711F2EC369F07D2AE397C56B6696A13B:1
DBB106A0CBE919FFBD4162A15AEEC2C49AC:1
DBDEC6BC1D3BA5E88F8C21FBCC099A37870:1
DC31EBEA2EA8BD76A9C027616EEA3A4B2D6:1
DD1DC017624FECD5C53BEA20D17E14D9F82:3
DD6ACB6DFD3EB601E17B98A335984C6C67B:2
DD8C12F68D3837DF3801ED88545429BFA40:3
DDB2B1822A4111664D5F4620DE64DEAA66E:5
DE22D62190331DF3C80F8F67CB644FDDC80:1
DE5BFA54976915DAD6B5EB69869D334FCD9:4
DEDFC241C771B98AF585861D031BCC30BAB:6
DFFB66FE3FCFAB4DFC94AD39555E8EE1718:1
E075537ED67BA7BBB156E2EE49EE0401832:1
E0B08B64E99B5849D3D7970B2DF559F08A9:1
E0E60B84C46B5EA10A763C0B7B950163282:3
E14C1ADA7ED44BFCC3D9203F478919123BB:1
E2538FA4881269FE3443EB09EF727FAEB22:2
E25DE0A868C1032804937F9486FE9375FDA:4
E2919A1E3C21B3305CB09FBDC928E7C40AE:1
E2F7A1C81CB10B2917E26AD1A0C6190D9EA:1
E55259ED6940F84EEC6374FD1E644D647EE:1
E5D3FAF15DB5DB8F769ABA90090E021AB26:5
E5E7DC95FB48BE5251DB8423D2C552592CF:13
E6952AADB188F21D44E488D2B86C7322B65:1
E6BEA52EE658E146924CA613FB74ADA3231:2
E70972B8B76969921A7070B9467ACBC6426:2
E7732E813C831602A166D7B1C6288061339:1
E79043594E7386703D0ACC78B81534C3E24:3
E7E5F6153B373D1A8F824820A3FD53C14D9:3
E7F141922D7AE295BD548E74E9451B35B50:2
E8905B6403ED124236DB0A07C36FBC15C45:14
E8B7DCC24872CD48CB5BC856903AE462615:8
E957CA7146182CB6352EF3F35B4621AAD9C:3
E957D3CDB7BFD72D54CFDF0D46047EB6D69:1
E9633378480BA8BC398430EE5E8969F7C6B:3
E998891970F8FFCEE73FAB98C520AAF697D:1
E9D2B4871ACF43CA954D91F4CC7FBE4E496:2
EA154D8C0867CD9D02019E88286D20DF532:3
EA6E4307D718158807AFFA4522E2220F45D:1
EAA0765E36082B6506650232C28A93EF0F3:2
EB15FF893644EAC03F630B37E0A6B4CF245:7
EB846757C51FAB1D4DBE86B1076719E7EB5:3
EB8D227FA5979585F90CEAC2BE072A51A7F:2
EBF961A62894F67F51504882574F78365DA:4
EC21FF9D1CDA9BEC837DD32B80CDC185BCE:2
EC472C4332BA1B62519EEB0358E1A18AF9A:2
ECD9D61D3292B6A4F82A23FC49435B6DA98:2
ECFEF67AF5952E1A0FA9E963398E28FF0A9:7
ED5B9949A81E450F04C8C58507A6369C7AE:1
EE0107F0779850F19F2A99829F48E986E24:2
EE6D4AAF06FBDF4E24B280F26C0A22482C7:4
EE8A1C8C2E716FFF33C7B346BB59BDEE067:1
EEB91EA4521D461860544666B96684266B8:2
EF1E240E0A11D4FA6BCC705E88C1ED7ED15:65
F12168BB6B1DE48AC1B070FE34D1019AEDB:2
F155897D9E6B0CB3B45F5409AF6713AD487:2
F164CB102BC625200C811A6A7A4111144A9:1
F216DFB911714A20F2937B30D6FE5DE3392:2
F28473B969850C0132325181DD5CD3FBC5F:3
F3A89473049B95D7A7257EEDFBF46815383:1
F52BE8C12C3AEA97FF6B43F2DCEDD800369:2
F60B578667FAEE29E735E32A7ED025FD2FE:1
F6BBE4B5781F9E7A9C61C287E847F3B2610:5
F6D471E77EE3A0BEDAB5759C7D38A1AAA2F:2
F7599D92E3F9C11DE280F23A2A5365C4A92:3
F94E3156ED862B0E518EAD9AA73F30D3CFF:3
F96C02D13E8D2D784E3FB3DC07CEEE771E4:1
F9738C928AA33390692DE2FBC23639ECB80:2
F9A0940AC2A032AE5F7E418B6199F2E826E:2
F9CECB139DE60C128120EFB87BD10BCF498:7
FA0C0A0F76C2960ECB2C035CAB1B6710918:1
FA475A3393973F62260A103C249536E20ED:1
FA4F1A3B142D815196A3ECDAB27E908B019:1
FAAFBA274CB8620B6ADBE9416DF0FAC98E9:2
FB029AED2C7AEFEB9D7EBCA56403CB6D902:1
FB14A74AD1E66242D7326CE55F3C1A8492A:1
FBB1FE969F3B0FAAEA57AD0F304D3E7F9E6:2
FF3A0485310685FDD36710CEDF3684FCACD:1